@author{one,
	author={E. W. Dijkstra},
	title={Go to statement considered harmful},
	year={1968},
	volume={11},
	number={3},
	pages={147-148}
}
@author{two,
	author={E. G. Gilbert, D. W. Johnson, and S. S. Keerthi},
	title={A fast procedure for computing the distance between complex objects in three-dimensional space},
	year={1988},
	volume={4},
	number={2},
	pages={193-203}
}
@author{three,
	author={D. E. Knuth and R. W. Moore},
	title={An analysis of alpha-beta pruning},
	year={1975},
	volume={6},
	pages={293-326}
}
@author{four,
	author={A. M. Turing},
	title={Computing machinery and intelligence},
	year={1950},
	volume={59},
	pages={433-460}
}